<record><leader>00000cas a2200000 a 4500</leader><controlfield tag="001">30308085</controlfield><controlfield tag="008">940421d188u1882iluwr ne      0   a0eng c</controlfield><datafield ind1=" " ind2=" " tag="010"><subfield code="a">sn 94054302 </subfield></datafield><datafield ind1=" " ind2=" " tag="040"><subfield code="a">NVF</subfield><subfield code="b">eng</subfield><subfield code="c">NVF</subfield><subfield code="d">CVF</subfield><subfield code="d">OCLCQ</subfield><subfield code="d">NVF</subfield><subfield code="d">CGU</subfield><subfield code="d">OCLCQ</subfield><subfield code="d">OCLCF</subfield><subfield code="d">NVF</subfield><subfield code="d">OCLCO</subfield></datafield><datafield ind1="1" ind2=" " tag="029"><subfield code="a">AU@</subfield><subfield code="b">000010972621</subfield></datafield><datafield ind1=" " ind2=" " tag="042"><subfield code="a">pcc</subfield></datafield><datafield ind1=" " ind2=" " tag="043"><subfield code="a">n-us-il</subfield></datafield><datafield ind1="0" ind2="4" tag="245"><subfield code="a">The Joliet republic.</subfield></datafield><datafield ind1=" " ind2=" " tag="250"><subfield code="a">Weekly ed.</subfield></datafield><datafield ind1=" " ind2=" " tag="260"><subfield code="a">Joliet, Ill. :</subfield><subfield code="b">Robert Mann Woods [&amp;] John Woods</subfield></datafield><datafield ind1=" " ind2=" " tag="300"><subfield code="a">v.</subfield></datafield><datafield ind1=" " ind2=" " tag="310"><subfield code="a">Weekly</subfield></datafield><datafield ind1="0" ind2=" " tag="362"><subfield code="a">-v. 35, no. 35 (Dec. 30, 1882).</subfield></datafield><datafield ind1=" " ind2=" " tag="515"><subfield code="a">Issues for &lt;Jan. 7&gt;-Dec. 30, 1882 called also &lt;whole no. 1752&gt;-1803.</subfield></datafield><datafield ind1=" " ind2=" " tag="530"><subfield code="a">Available on microfilm;</subfield><subfield code="b">Illinois State Historical Library.</subfield></datafield><datafield ind1=" " ind2=" " tag="580"><subfield code="a">Daily ed.: The Joliet daily republic, &lt;&gt;-1882.</subfield></datafield><datafield ind1=" " ind2=" " tag="580"><subfield code="a">Merged with: Joliet sun (Joliet, Ill. : Weekly), to form: Joliet republic and sun.</subfield></datafield><datafield ind1=" " ind2=" " tag="588"><subfield code="a">Description based on: Vol. 34, no. 36 (Jan. 7, 1882).</subfield></datafield><datafield ind1=" " ind2="0" tag="651"><subfield code="a">Joliet (Ill.)</subfield><subfield code="v">Newspapers.</subfield></datafield><datafield ind1=" " ind2="7" tag="651"><subfield code="a">Illinois</subfield><subfield code="z">Joliet.</subfield><subfield code="2">fast</subfield><subfield code="0">(OCoLC)fst01205950</subfield></datafield><datafield ind1=" " ind2="7" tag="655"><subfield code="a">Newspapers.</subfield><subfield code="2">fast</subfield><subfield code="0">(OCoLC)fst01423814</subfield></datafield><datafield ind1=" " ind2=" " tag="752"><subfield code="a">United States</subfield><subfield code="b">Illinois</subfield><subfield code="c">Will</subfield><subfield code="d">Joliet.</subfield></datafield><datafield ind1="1" ind2=" " tag="775"><subfield code="t">Joliet daily republic</subfield><subfield code="w">(DLC)sn 94054307</subfield><subfield code="w">(OCoLC)30308315</subfield></datafield><datafield ind1="0" ind2="8" tag="776"><subfield code="i">Microfilm version:</subfield><subfield code="t">Joliet republic</subfield><subfield code="w">(DLC)  2010262076</subfield><subfield code="w">(OCoLC)643091570</subfield></datafield><datafield ind1="0" ind2="0" tag="780"><subfield code="t">Joliet Republican (Joliet, Ill. : Weekly)</subfield><subfield code="w">(DLC)sn 82014343</subfield><subfield code="w">(OCoLC)8776576</subfield></datafield><datafield ind1="1" ind2="7" tag="785"><subfield code="t">Joliet sun (Joliet, Ill. : Weekly)</subfield><subfield code="w">(DLC)sn 85033753</subfield><subfield code="w">(OCoLC)12245175</subfield></datafield><datafield ind1="1" ind2="7" tag="785"><subfield code="t">Joliet republic and sun</subfield><subfield code="w">(DLC)sn 94054303</subfield><subfield code="w">(OCoLC)30308149</subfield></datafield></record>